% Encoding: UTF-8

@Article{quadrortx8000_specs,
  journal = {TechPowerUp},
  title   = {NVIDIA Quadro RTX 8000 Specs},
  url     = {https://www.techpowerup.com/gpu-specs/quadro-rtx-8000.c3306},
}

@Article{cuda_gridstriding,
  author  = {Mark Harris},
  journal = {CUDA Developer Blog},
  title   = {Write Flexible Kernels with Grid-Stride Loops},
  year    = {2013},
  url     = {https://developer.nvidia.com/blog/cuda-pro-tip-write-flexible-kernels-grid-stride-loops/},
}

@Article{cuda_memorycoalescing,
  author  = {Mark Harris},
  journal = {CUDA Developer Blog},
  title   = {How to Access Global Memory Efficiently in CUDA C/C++ Kernels},
  year    = {2013},
  url     = {https://developer.nvidia.com/blog/how-access-global-memory-efficiently-cuda-c-kernels/},
}

@Article{cuda_programmingguide,
  journal = {CUDA Toolkit Documentation},
  title   = {CUDA C++ Programming Guide},
  year    = {2021},
  url     = {https://docs.nvidia.com/cuda/cuda-c-programming-guide/index.html},
}

@Comment{jabref-meta: databaseType:bibtex;}
